<?xml version = "1.0" encoding = "UTF-8"?><record>
  <leader>01004nam#a2200241#c#4500</leader>
  <controlfield tag="005">20210408110752.0</controlfield>
  <controlfield tag="007">tu</controlfield>
  <controlfield tag="008">961211|1987####xx############|||#|#####c</controlfield>
  <controlfield tag="003">DE-605</controlfield>
  <controlfield tag="001">990111178340206441</controlfield>
  <datafield tag="035" ind1=" " ind2=" ">
    <subfield code="a">(DE-605)BT000071273</subfield>
  </datafield>
  <datafield tag="040" ind1=" " ind2=" ">
    <subfield code="a">HBZ/NWBibOff</subfield>
    <subfield code="b">ger</subfield>
    <subfield code="d">6/NWBib</subfield>
    <subfield code="e">rakwb</subfield>
  </datafield>
  <datafield tag="084" ind1=" " ind2=" ">
    <subfield code="a">Katholische Kirche. Di&#246;zesen</subfield>
    <subfield code="0">https://nwbib.de/spatial#N36</subfield>
    <subfield code="2">nwbib</subfield>
  </datafield>
  <datafield tag="084" ind1=" " ind2=" ">
    <subfield code="a">Kirchliches Leben</subfield>
    <subfield code="0">https://nwbib.de/subjects#N611040</subfield>
    <subfield code="2">nwbib</subfield>
  </datafield>
  <datafield tag="245" ind1="0" ind2="0">
    <subfield code="a">Papst Johannes Paul II. in Deutschland</subfield>
    <subfield code="b">seine Begegnungen mit d. Di&#246;zesen K&#246;ln, M&#252;nster, Essen, M&#252;nchen, Augsburg, Speyer; seine Wallfahrt nach Kevelaer; d. Seligsprechungen von Edith Stein u. Pater Rupert Mayer.</subfield>
  </datafield>
  <datafield tag="264" ind1=" " ind2="1">
    <subfield code="a">[Augsburg]</subfield>
    <subfield code="b">Weltbild</subfield>
    <subfield code="c">1987</subfield>
  </datafield>
  <datafield tag="300" ind1=" " ind2=" ">
    <subfield code="a">153 S. : &#252;berwiegend Ill. (z.T. farb.)</subfield>
  </datafield>
  <datafield tag="689" ind1="0" ind2="0">
    <subfield code="a">Johannes Paul</subfield>
    <subfield code="b">II.</subfield>
    <subfield code="c">Papst</subfield>
    <subfield code="d">1920-2005</subfield>
    <subfield code="D">p</subfield>
    <subfield code="0">(DE-588)118558064</subfield>
    <subfield code="0">(uri) https://portal.dnb.de/opac.htm?method=simpleSearch&amp;cqlMode=true&amp;query=idn=118558064</subfield>
    <subfield code="0">(uri) http://viaf.org/viaf/sourceID/DNB|118558064</subfield>
    <subfield code="B">GND-118558064</subfield>
  </datafield>
  <datafield tag="689" ind1="1" ind2="0">
    <subfield code="a">Wallfahrten</subfield>
    <subfield code="a">Kevelaer</subfield>
  </datafield>
  <datafield tag="960" ind1="1" ind2=" ">
    <subfield code="n">NWBib</subfield>
  </datafield>
  <datafield tag="964" ind1="0" ind2="s">
    <subfield code="F">030</subfield>
    <subfield code="A">a|1uc||||||37</subfield>
  </datafield>
  <datafield tag="964" ind1="0" ind2="s">
    <subfield code="F">050</subfield>
    <subfield code="A">a|||||||||||||</subfield>
  </datafield>
  <datafield tag="964" ind1="0" ind2="s">
    <subfield code="F">051</subfield>
    <subfield code="A">m|||||||</subfield>
  </datafield>
  <datafield tag="MBD" ind1=" " ind2=" ">
    <subfield code="M">49HBZ_NETWORK</subfield>
    <subfield code="i">990111178340206441</subfield>
    <subfield code="n">HBZ Network</subfield>
  </datafield>
  <datafield tag="MNG" ind1=" " ind2=" ">
    <subfield code="c">System</subfield>
    <subfield code="f">ILS</subfield>
    <subfield code="i">marc21</subfield>
    <subfield code="k">01</subfield>
    <subfield code="e">false</subfield>
    <subfield code="d">2021-08-19 04:05:36 Europe/Berlin</subfield>
    <subfield code="g">011117834-HBZ01</subfield>
    <subfield code="j">60</subfield>
    <subfield code="a">import</subfield>
    <subfield code="b">2021-04-05 07:57:36 Europe/Berlin</subfield>
  </datafield>
  <datafield tag="GPN" ind1="0" ind2=" ">
    <subfield code="a">Johannes Paul</subfield>
    <subfield code="b">II.</subfield>
    <subfield code="c">Papst, Heiliger</subfield>
    <subfield code="d">1920-2005</subfield>
    <subfield code="A">GND</subfield>
    <subfield code="B">GND-118558064</subfield>
    <subfield code="C">400</subfield>
  </datafield>
  <datafield tag="GPN" ind1="0" ind2=" ">
    <subfield code="a">Johannes Paulus</subfield>
    <subfield code="b">II.</subfield>
    <subfield code="c">Papst</subfield>
    <subfield code="d">1920-2005</subfield>
    <subfield code="A">GND</subfield>
    <subfield code="B">GND-118558064</subfield>
    <subfield code="C">400</subfield>
  </datafield>
  <datafield tag="GPN" ind1="0" ind2=" ">
    <subfield code="a">Johannes Paulus</subfield>
    <subfield code="b">II.</subfield>
    <subfield code="c">Papa</subfield>
    <subfield code="d">1920-2005</subfield>
    <subfield code="A">GND</subfield>
    <subfield code="B">GND-118558064</subfield>
    <subfield code="C">400</subfield>
  </datafield>
  <datafield tag="GPN" ind1="0" ind2=" ">
    <subfield code="a">Giovanni Paolo</subfield>
    <subfield code="b">II.</subfield>
    <subfield code="c">Papa</subfield>
    <subfield code="d">1920-2005</subfield>
    <subfield code="A">GND</subfield>
    <subfield code="B">GND-118558064</subfield>
    <subfield code="C">400</subfield>
  </datafield>
  <datafield tag="GPN" ind1="0" ind2=" ">
    <subfield code="a">Ioannes Paulus</subfield>
    <subfield code="b">II.</subfield>
    <subfield code="c">Papa</subfield>
    <subfield code="d">1920-2005</subfield>
    <subfield code="A">GND</subfield>
    <subfield code="B">GND-118558064</subfield>
    <subfield code="C">400</subfield>
  </datafield>
  <datafield tag="GPN" ind1="1" ind2=" ">
    <subfield code="a">Wojty&#322;a, Karol</subfield>
    <subfield code="d">1920-2005</subfield>
    <subfield code="4">nafr</subfield>
    <subfield code="4">https://d-nb.info/standards/elementset/gnd#EarlierNameOfThePerson</subfield>
    <subfield code="w">r</subfield>
    <subfield code="i">Frueherer Name</subfield>
    <subfield code="e">Frueherer Name</subfield>
    <subfield code="A">GND</subfield>
    <subfield code="B">GND-118558064</subfield>
    <subfield code="C">400</subfield>
  </datafield>
  <datafield tag="GPN" ind1="1" ind2=" ">
    <subfield code="a">Wojty&#322;a, Karol J&#243;zef</subfield>
    <subfield code="d">1920-2005</subfield>
    <subfield code="4">navo</subfield>
    <subfield code="4">https://d-nb.info/standards/elementset/gnd#FullerFormOfNameOfThePerson</subfield>
    <subfield code="w">r</subfield>
    <subfield code="i">Vollstaendiger Name</subfield>
    <subfield code="e">Vollstaendiger Name</subfield>
    <subfield code="A">GND</subfield>
    <subfield code="B">GND-118558064</subfield>
    <subfield code="C">400</subfield>
  </datafield>
  <datafield tag="GPN" ind1="0" ind2=" ">
    <subfield code="a">Ioannis Paulus</subfield>
    <subfield code="b">II.</subfield>
    <subfield code="c">Papst</subfield>
    <subfield code="d">1920-2005</subfield>
    <subfield code="A">GND</subfield>
    <subfield code="B">GND-118558064</subfield>
    <subfield code="C">400</subfield>
  </datafield>
  <datafield tag="GPN" ind1="0" ind2=" ">
    <subfield code="a">Ivan Pavao</subfield>
    <subfield code="b">II.</subfield>
    <subfield code="c">Papst</subfield>
    <subfield code="d">1920-2005</subfield>
    <subfield code="A">GND</subfield>
    <subfield code="B">GND-118558064</subfield>
    <subfield code="C">400</subfield>
  </datafield>
  <datafield tag="GPN" ind1="0" ind2=" ">
    <subfield code="a">Ivan Pavlo</subfield>
    <subfield code="b">II.</subfield>
    <subfield code="c">Papst</subfield>
    <subfield code="d">1920-2005</subfield>
    <subfield code="A">GND</subfield>
    <subfield code="B">GND-118558064</subfield>
    <subfield code="C">400</subfield>
  </datafield>
  <datafield tag="GPN" ind1="0" ind2=" ">
    <subfield code="a">Jan Pavel Druh&#253;</subfield>
    <subfield code="c">Papst</subfield>
    <subfield code="d">1920-2005</subfield>
    <subfield code="A">GND</subfield>
    <subfield code="B">GND-118558064</subfield>
    <subfield code="C">400</subfield>
  </datafield>
  <datafield tag="GPN" ind1="0" ind2=" ">
    <subfield code="a">J&#225;n Pavol</subfield>
    <subfield code="b">II.</subfield>
    <subfield code="c">Papst</subfield>
    <subfield code="d">1920-2005</subfield>
    <subfield code="A">GND</subfield>
    <subfield code="B">GND-118558064</subfield>
    <subfield code="C">400</subfield>
  </datafield>
  <datafield tag="GPN" ind1="0" ind2=" ">
    <subfield code="a">Jan Pawe&#322;</subfield>
    <subfield code="b">II.</subfield>
    <subfield code="c">Papst</subfield>
    <subfield code="d">1920-2005</subfield>
    <subfield code="A">GND</subfield>
    <subfield code="B">GND-118558064</subfield>
    <subfield code="C">400</subfield>
  </datafield>
  <datafield tag="GPN" ind1="0" ind2=" ">
    <subfield code="a">Jan Pawe&#322;</subfield>
    <subfield code="b">II</subfield>
    <subfield code="c">Papie&#380;</subfield>
    <subfield code="d">1920-2005</subfield>
    <subfield code="A">GND</subfield>
    <subfield code="B">GND-118558064</subfield>
    <subfield code="C">400</subfield>
  </datafield>
  <datafield tag="GPN" ind1="0" ind2=" ">
    <subfield code="a">Janez Pavel</subfield>
    <subfield code="b">II.</subfield>
    <subfield code="c">Papst</subfield>
    <subfield code="d">1920-2005</subfield>
    <subfield code="A">GND</subfield>
    <subfield code="B">GND-118558064</subfield>
    <subfield code="C">400</subfield>
  </datafield>
  <datafield tag="GPN" ind1="0" ind2=" ">
    <subfield code="a">J&#257;nis P&#257;vils</subfield>
    <subfield code="b">II.</subfield>
    <subfield code="c">P&#257;vests</subfield>
    <subfield code="d">1920-2005</subfield>
    <subfield code="A">GND</subfield>
    <subfield code="B">GND-118558064</subfield>
    <subfield code="C">400</subfield>
  </datafield>
  <datafield tag="GPN" ind1="0" ind2=" ">
    <subfield code="a">J&#225;nos P&#225;l</subfield>
    <subfield code="b">II.</subfield>
    <subfield code="c">P&#225;pa</subfield>
    <subfield code="d">1920-2005</subfield>
    <subfield code="A">GND</subfield>
    <subfield code="B">GND-118558064</subfield>
    <subfield code="C">400</subfield>
  </datafield>
  <datafield tag="GPN" ind1="0" ind2=" ">
    <subfield code="a">Jean Paul</subfield>
    <subfield code="b">II.</subfield>
    <subfield code="c">Papst</subfield>
    <subfield code="d">1920-2005</subfield>
    <subfield code="A">GND</subfield>
    <subfield code="B">GND-118558064</subfield>
    <subfield code="C">400</subfield>
  </datafield>
  <datafield tag="GPN" ind1="0" ind2=" ">
    <subfield code="a">Jean Paul</subfield>
    <subfield code="b">II.</subfield>
    <subfield code="c">Pape</subfield>
    <subfield code="d">1920-2005</subfield>
    <subfield code="A">GND</subfield>
    <subfield code="B">GND-118558064</subfield>
    <subfield code="C">400</subfield>
  </datafield>
  <datafield tag="GPN" ind1="0" ind2=" ">
    <subfield code="a">Jean-Paul</subfield>
    <subfield code="b">II.</subfield>
    <subfield code="c">Pape</subfield>
    <subfield code="d">1920-2005</subfield>
    <subfield code="9">v:RAMEAU</subfield>
    <subfield code="A">GND</subfield>
    <subfield code="B">GND-118558064</subfield>
    <subfield code="C">400</subfield>
  </datafield>
  <datafield tag="GPN" ind1="0" ind2=" ">
    <subfield code="a">Joannes Paulus</subfield>
    <subfield code="b">II.</subfield>
    <subfield code="c">Papa</subfield>
    <subfield code="d">1920-2005</subfield>
    <subfield code="A">GND</subfield>
    <subfield code="B">GND-118558064</subfield>
    <subfield code="C">400</subfield>
  </datafield>
  <datafield tag="GPN" ind1="0" ind2=" ">
    <subfield code="a">Johannes Paulus</subfield>
    <subfield code="b">II.</subfield>
    <subfield code="c">Paus</subfield>
    <subfield code="d">1920-2005</subfield>
    <subfield code="A">GND</subfield>
    <subfield code="B">GND-118558064</subfield>
    <subfield code="C">400</subfield>
  </datafield>
  <datafield tag="GPN" ind1="0" ind2=" ">
    <subfield code="a">Johano Pa&#365;lo la Dua</subfield>
    <subfield code="c">Papst</subfield>
    <subfield code="d">1920-2005</subfield>
    <subfield code="A">GND</subfield>
    <subfield code="B">GND-118558064</subfield>
    <subfield code="C">400</subfield>
  </datafield>
  <datafield tag="GPN" ind1="0" ind2=" ">
    <subfield code="a">John Paul</subfield>
    <subfield code="b">II.</subfield>
    <subfield code="c">Papst</subfield>
    <subfield code="d">1920-2005</subfield>
    <subfield code="A">GND</subfield>
    <subfield code="B">GND-118558064</subfield>
    <subfield code="C">400</subfield>
  </datafield>
  <datafield tag="GPN" ind1="0" ind2=" ">
    <subfield code="a">John Paul</subfield>
    <subfield code="b">II.</subfield>
    <subfield code="c">Pope</subfield>
    <subfield code="d">1920-2005</subfield>
    <subfield code="A">GND</subfield>
    <subfield code="B">GND-118558064</subfield>
    <subfield code="C">400</subfield>
  </datafield>
  <datafield tag="GPN" ind1="0" ind2=" ">
    <subfield code="a">Juan Pablo</subfield>
    <subfield code="b">II.</subfield>
    <subfield code="c">Papst</subfield>
    <subfield code="d">1920-2005</subfield>
    <subfield code="A">GND</subfield>
    <subfield code="B">GND-118558064</subfield>
    <subfield code="C">400</subfield>
  </datafield>
  <datafield tag="GPN" ind1="0" ind2=" ">
    <subfield code="a">Juan Pablo</subfield>
    <subfield code="b">II.</subfield>
    <subfield code="c">Papa</subfield>
    <subfield code="d">1920-2005</subfield>
    <subfield code="A">GND</subfield>
    <subfield code="B">GND-118558064</subfield>
    <subfield code="C">400</subfield>
  </datafield>
  <datafield tag="GPN" ind1="1" ind2=" ">
    <subfield code="a">Vojtyla, Karol</subfield>
    <subfield code="d">1920-2005</subfield>
    <subfield code="A">GND</subfield>
    <subfield code="B">GND-118558064</subfield>
    <subfield code="C">400</subfield>
  </datafield>
  <datafield tag="GPN" ind1="1" ind2=" ">
    <subfield code="a">Wojtyla, Carlo</subfield>
    <subfield code="d">1920-2005</subfield>
    <subfield code="A">GND</subfield>
    <subfield code="B">GND-118558064</subfield>
    <subfield code="C">400</subfield>
  </datafield>
  <datafield tag="GPN" ind1="1" ind2=" ">
    <subfield code="a">Vojtila, Karol</subfield>
    <subfield code="d">1920-2005</subfield>
    <subfield code="A">GND</subfield>
    <subfield code="B">GND-118558064</subfield>
    <subfield code="C">400</subfield>
  </datafield>
  <datafield tag="GPN" ind1="1" ind2=" ">
    <subfield code="a">Wojtyla, Karol</subfield>
    <subfield code="d">1920-2005</subfield>
    <subfield code="A">GND</subfield>
    <subfield code="B">GND-118558064</subfield>
    <subfield code="C">400</subfield>
  </datafield>
  <datafield tag="GPN" ind1="1" ind2=" ">
    <subfield code="a">Wojtyla, Karol</subfield>
    <subfield code="c">Heiliger</subfield>
    <subfield code="d">1920-2005</subfield>
    <subfield code="A">GND</subfield>
    <subfield code="B">GND-118558064</subfield>
    <subfield code="C">400</subfield>
  </datafield>
  <datafield tag="GPN" ind1="0" ind2=" ">
    <subfield code="a">Johannes Paul</subfield>
    <subfield code="b">II.</subfield>
    <subfield code="c">Heiliger</subfield>
    <subfield code="d">1920-2005</subfield>
    <subfield code="A">GND</subfield>
    <subfield code="B">GND-118558064</subfield>
    <subfield code="C">400</subfield>
  </datafield>
  <datafield tag="GPN" ind1="0" ind2=" ">
    <subfield code="a">Yu&#7717;ann&#257; B&#363;lus</subfield>
    <subfield code="b">II.</subfield>
    <subfield code="c">al-B&#257;b&#257;</subfield>
    <subfield code="d">1920-2005</subfield>
    <subfield code="A">GND</subfield>
    <subfield code="B">GND-118558064</subfield>
    <subfield code="C">400</subfield>
  </datafield>
  <datafield tag="GPN" ind1="0" ind2=" ">
    <subfield code="a">Yuh&#7841;nn&#257; B&#363;lus</subfield>
    <subfield code="b">II.</subfield>
    <subfield code="c">al-B&#257;b&#257;</subfield>
    <subfield code="d">1920-2005</subfield>
    <subfield code="A">GND</subfield>
    <subfield code="B">GND-118558064</subfield>
    <subfield code="C">400</subfield>
  </datafield>
  <datafield tag="GPN" ind1="1" ind2=" ">
    <subfield code="a">Yu&#7717;ann&#257;-B&#363;lus at-T&#257;n&#299;, al-B&#257;b&#257;</subfield>
    <subfield code="d">1920-2005</subfield>
    <subfield code="A">GND</subfield>
    <subfield code="B">GND-118558064</subfield>
    <subfield code="C">400</subfield>
  </datafield>
  <datafield tag="GPN" ind1="1" ind2=" ">
    <subfield code="a">Yuh&#7841;nn&#257;-B&#363;lus at-Tan&#299;, al-B&#257;b&#257;</subfield>
    <subfield code="d">1920-2005</subfield>
    <subfield code="A">GND</subfield>
    <subfield code="B">GND-118558064</subfield>
    <subfield code="C">400</subfield>
  </datafield>
  <datafield tag="GPN" ind1="1" ind2=" ">
    <subfield code="a">Y&#363;h&#7841;nn&#257; B&#363;lus at-Tan&#299;, al-B&#257;b&#257;</subfield>
    <subfield code="d">1920-2005</subfield>
    <subfield code="A">GND</subfield>
    <subfield code="B">GND-118558064</subfield>
    <subfield code="C">400</subfield>
  </datafield>
  <datafield tag="GPN" ind1="1" ind2=" ">
    <subfield code="a">Y&#363;&#7717;ann&#257; B&#363;lus at-T&#257;n&#299;, al-B&#257;b&#257;</subfield>
    <subfield code="d">1920-2005</subfield>
    <subfield code="A">GND</subfield>
    <subfield code="B">GND-118558064</subfield>
    <subfield code="C">400</subfield>
  </datafield>
  <datafield tag="GPN" ind1="0" ind2=" ">
    <subfield code="a">Ioann Pavel</subfield>
    <subfield code="b">II.</subfield>
    <subfield code="c">Papa</subfield>
    <subfield code="d">1920-2005</subfield>
    <subfield code="9">v:Sowj. Enz.</subfield>
    <subfield code="A">GND</subfield>
    <subfield code="B">GND-118558064</subfield>
    <subfield code="C">400</subfield>
  </datafield>
  <datafield tag="GPN" ind1="0" ind2=" ">
    <subfield code="a">Ioannes Paulos</subfield>
    <subfield code="b">II.</subfield>
    <subfield code="c">Papa</subfield>
    <subfield code="d">1920-2005</subfield>
    <subfield code="A">GND</subfield>
    <subfield code="B">GND-118558064</subfield>
    <subfield code="C">400</subfield>
  </datafield>
  <datafield tag="GPN" ind1="0" ind2=" ">
    <subfield code="a">Johano Pa&#365;lo</subfield>
    <subfield code="b">II.</subfield>
    <subfield code="c">Papst</subfield>
    <subfield code="d">1920-2005</subfield>
    <subfield code="A">GND</subfield>
    <subfield code="B">GND-118558064</subfield>
    <subfield code="C">400</subfield>
  </datafield>
  <datafield tag="GPN" ind1="0" ind2=" ">
    <subfield code="a">Gioan-Phaol&#244;</subfield>
    <subfield code="b">II.</subfield>
    <subfield code="c">Papst</subfield>
    <subfield code="d">1920-2005</subfield>
    <subfield code="A">GND</subfield>
    <subfield code="B">GND-118558064</subfield>
    <subfield code="C">400</subfield>
  </datafield>
  <datafield tag="GPN" ind1="0" ind2=" ">
    <subfield code="a">Johannes Paul</subfield>
    <subfield code="b">II.</subfield>
    <subfield code="d">1920-2005</subfield>
    <subfield code="A">GND</subfield>
    <subfield code="B">GND-118558064</subfield>
    <subfield code="C">400</subfield>
  </datafield>
  <datafield tag="GPN" ind1="0" ind2=" ">
    <subfield code="a">Johannes Paul</subfield>
    <subfield code="b">II</subfield>
    <subfield code="c">Papst</subfield>
    <subfield code="d">1920-2005</subfield>
    <subfield code="A">GND</subfield>
    <subfield code="B">GND-118558064</subfield>
    <subfield code="C">400</subfield>
  </datafield>
  <datafield tag="GPN" ind1="1" ind2=" ">
    <subfield code="a">Jawie&#324;, Andrzej</subfield>
    <subfield code="d">1920-2005</subfield>
    <subfield code="4">pseu</subfield>
    <subfield code="4">https://d-nb.info/standards/elementset/gnd#pseudonym</subfield>
    <subfield code="w">r</subfield>
    <subfield code="i">Pseudonym</subfield>
    <subfield code="e">Pseudonym</subfield>
    <subfield code="A">GND</subfield>
    <subfield code="B">GND-118558064</subfield>
    <subfield code="C">400</subfield>
  </datafield>
  <datafield tag="GPN" ind1="1" ind2=" ">
    <subfield code="a">Gruda, Stanis&#322;aw A.</subfield>
    <subfield code="d">1920-2005</subfield>
    <subfield code="4">pseu</subfield>
    <subfield code="4">https://d-nb.info/standards/elementset/gnd#pseudonym</subfield>
    <subfield code="w">r</subfield>
    <subfield code="i">Pseudonym</subfield>
    <subfield code="e">Pseudonym</subfield>
    <subfield code="A">GND</subfield>
    <subfield code="B">GND-118558064</subfield>
    <subfield code="C">400</subfield>
  </datafield>
  <datafield tag="GPN" ind1="1" ind2=" ">
    <subfield code="a">Jasie&#324;, Piotr</subfield>
    <subfield code="d">1920-2005</subfield>
    <subfield code="4">pseu</subfield>
    <subfield code="4">https://d-nb.info/standards/elementset/gnd#pseudonym</subfield>
    <subfield code="w">r</subfield>
    <subfield code="i">Pseudonym</subfield>
    <subfield code="e">Pseudonym</subfield>
    <subfield code="A">GND</subfield>
    <subfield code="B">GND-118558064</subfield>
    <subfield code="C">400</subfield>
  </datafield>
  <datafield tag="GPN" ind1="0" ind2=" ">
    <subfield code="9">L:fre</subfield>
    <subfield code="a">Johannes Paul</subfield>
    <subfield code="b">II</subfield>
    <subfield code="c">Pape</subfield>
    <subfield code="d">1920-2005</subfield>
    <subfield code="5">CH-GND</subfield>
    <subfield code="A">GND</subfield>
    <subfield code="B">GND-118558064</subfield>
    <subfield code="C">400</subfield>
  </datafield>
  <datafield tag="GPN" ind1="0" ind2=" ">
    <subfield code="9">L:eng</subfield>
    <subfield code="a">Johannes Paul</subfield>
    <subfield code="b">II</subfield>
    <subfield code="c">Pope</subfield>
    <subfield code="d">1920-2005</subfield>
    <subfield code="5">CH-GND</subfield>
    <subfield code="A">GND</subfield>
    <subfield code="B">GND-118558064</subfield>
    <subfield code="C">400</subfield>
  </datafield>
  <datafield tag="GSI" ind1="7" ind2=" ">
    <subfield code="a">118558064</subfield>
    <subfield code="0">http://d-nb.info/gnd/118558064</subfield>
    <subfield code="2">gnd</subfield>
    <subfield code="A">GND</subfield>
    <subfield code="B">GND-118558064</subfield>
    <subfield code="C">024</subfield>
  </datafield>
</record>